<collection xmlns="http://www.loc.gov/MARC21/slim">
<record>
  <leader>00954nam0a22002171i 450 </leader>
  <controlfield tag="001">IT\ICCU\CNCE\020941</controlfield>
  <controlfield tag="005">20150317000000.0</controlfield>
  <datafield tag="012" ind1=" " ind2=" ">
    <subfield code="a">i.no E.a. zase seno (C) 1557 (Q)</subfield>
    <subfield code="2">fei</subfield>
  </datafield>
  <datafield tag="100" ind1=" " ind2=" ">
    <subfield code="a">19970101f15571575    0itac0103    ba</subfield>
  </datafield>
  <datafield tag="101" ind1=" " ind2=" ">
    <subfield code="a">ITA</subfield>
  </datafield>
  <datafield tag="102" ind1=" " ind2=" ">
    <subfield code="a">IT</subfield>
  </datafield>
  <datafield tag="200" ind1="1" ind2=" ">
    <subfield code="a">Giardinetto di cose spirituale doue si contiene. La santa Croce uolgare il pater nostro uolgare. Li dodeci articoli della fede ...</subfield>
  </datafield>
  <datafield tag="210" ind1=" " ind2=" ">
    <subfield code="e">In Venetia</subfield>
    <subfield code="g">per Domenego de Franceschi in Frezzaria all&apos;insegna d la \!! rezina</subfield>
    <subfield code="h">\tra il 1557 e il 1575!</subfield>
  </datafield>
  <datafield tag="215" ind1=" " ind2=" ">
    <subfield code="a">\6! c.</subfield>
    <subfield code="d">12ʻ</subfield>
  </datafield>
  <datafield tag="300" ind1=" " ind2=" ">
    <subfield code="a">La data si ricava dall&apos;attivit ̉del tipografo</subfield>
  </datafield>
  <datafield tag="620" ind1=" " ind2=" ">
    <subfield code="a">IT</subfield>
    <subfield code="d">Venezia</subfield>
  </datafield>
  <datafield tag="712" ind1="0" ind2="0">
    <subfield code="a">De_Franceschi, Domenico</subfield>
    <subfield code="3">IT\ICCU\CNCT\000001</subfield>
    <subfield code="4">650</subfield>
  </datafield>
  <datafield tag="791" ind1="0" ind2="0">
    <subfield code="a">Franceschi, Domenico de</subfield>
    <subfield code="3">IT\ICCU\CNCT\003739</subfield>
    <subfield code="z">De_Franceschi, Domenico</subfield>
  </datafield>
  <datafield tag="791" ind1="0" ind2="0">
    <subfield code="a">Franciscis, Dominicus de</subfield>
    <subfield code="3">IT\ICCU\CNCT\003740</subfield>
    <subfield code="z">De_Franceschi, Domenico</subfield>
  </datafield>
  <datafield tag="801" ind1=" " ind2="3">
    <subfield code="a">IT</subfield>
    <subfield code="b">ICCU</subfield>
    <subfield code="c">20201114</subfield>
  </datafield>
  <datafield tag="899" ind1=" " ind2=" ">
    <subfield code="a">Biblioteca comunale. Foligno</subfield>
    <subfield code="1">PG0035</subfield>
    <subfield code="2">UM1 04</subfield>
  </datafield>
</record>
</collection>
